@incollection{baldini2017serverless,
  title={Serverless computing: Current trends and open problems},
  author={Baldini, Ioana and Castro, Paul and Chang, Kerry and Cheng, Perry and Fink, Stephen and Ishakian, Vatche and Mitchell, Nick and Muthusamy, Vinod and Rabbah, Rodric and Slominski, Aleksander and others},
  booktitle={Research Advances in Cloud Computing},
  pages={1--20},
  year={2017},
  publisher={Springer}
}
